<?xml version="1.0" encoding="UTF-8"?><collection xmlns="http://www.loc.gov/MARC21/slim"><record><leader>00404nam--2200157-i-4500</leader><controlfield tag="001">000016709</controlfield><controlfield tag="002">20161230</controlfield><controlfield tag="005">20161230201031</controlfield><controlfield tag="008">060222s1000------------r-----000-0-eng-d</controlfield><datafield ind1=" " ind2=" " tag="020"><subfield code="a">3-540-19</subfield></datafield><datafield ind1=" " ind2=" " tag="080"><subfield code="a">519.682</subfield></datafield><datafield ind1=" " ind2=" " tag="100"><subfield code="a">Gehrke, Wilhelm</subfield></datafield><datafield ind1=" " ind2=" " tag="245"><subfield code="a">Fortran 90. language guide</subfield></datafield><datafield ind1=" " ind2=" " tag="260"><subfield code="a">Berlin, Springer-verlag, 1995. Xvi + /Pag.Dif</subfield></datafield><datafield ind1=" " ind2=" " tag="653"><subfield code="a">Fortran, Language, Programming</subfield></datafield><datafield ind1=" " ind2=" " tag="852"><subfield code="a">80857</subfield></datafield></record></collection>